<record><leader>00000cas a2200000 a 4500</leader><controlfield tag="001">8933944</controlfield><controlfield tag="008">821108d1794179uscuuu ne      0    0fre d</controlfield><datafield ind1=" " ind2=" " tag="010"><subfield code="a">sn 86053191 </subfield></datafield><datafield ind1=" " ind2=" " tag="040"><subfield code="a">DEH</subfield><subfield code="b">eng</subfield><subfield code="c">DEH</subfield><subfield code="d">NPX</subfield><subfield code="d">OCL</subfield><subfield code="d">OCLCQ</subfield></datafield><datafield ind1=" " ind2=" " tag="042"><subfield code="a">msc</subfield></datafield><datafield ind1="0" ind2="3" tag="245"><subfield code="a">Le Patriote franc&#807;ais.</subfield></datafield><datafield ind1=" " ind2=" " tag="260"><subfield code="a">Charleston [S.C.] :</subfield><subfield code="b">De l'imprimerie de Beleurgey</subfield></datafield><datafield ind1=" " ind2=" " tag="300"><subfield code="a">v.</subfield></datafield><datafield ind1="1" ind2=" " tag="362"><subfield code="a">Began with July 26, 1794 issue.</subfield><subfield code="z">Cf. Evans.</subfield></datafield><datafield ind1="4" ind2=" " tag="510"><subfield code="a">Evans</subfield><subfield code="c">29278</subfield></datafield><datafield ind1="4" ind2=" " tag="510"><subfield code="a">Brigham, C.S. Amer. newspapers,</subfield><subfield code="c">p. 1035</subfield></datafield><datafield ind1=" " ind2=" " tag="546"><subfield code="a">In French.</subfield></datafield><datafield ind1=" " ind2=" " tag="588"><subfield code="a">Description based on: Vol. 2, no. 2 (23 juil. 1795).</subfield></datafield><datafield ind1=" " ind2="0" tag="650"><subfield code="a">French in South Carolina</subfield><subfield code="v">Periodicals.</subfield></datafield><datafield ind1="1" ind2=" " tag="700"><subfield code="a">Beleurgey, Claudius.</subfield></datafield><datafield ind1=" " ind2=" " tag="752"><subfield code="a">United States</subfield><subfield code="b">South Carolina</subfield><subfield code="c">Charleston</subfield><subfield code="d">Charleston.</subfield></datafield></record>